<record><leader>00000cas a22000007a 4500</leader><controlfield tag="001">11638441</controlfield><controlfield tag="008">850130d18321834pauwr ne      0    0eng d</controlfield><datafield ind1=" " ind2=" " tag="010"><subfield code="a">sn 85025174 </subfield></datafield><datafield ind1=" " ind2=" " tag="040"><subfield code="a">NPX</subfield><subfield code="b">eng</subfield><subfield code="c">NPX</subfield><subfield code="d">NPH</subfield><subfield code="d">NVF</subfield><subfield code="d">OCL</subfield><subfield code="d">OCLCQ</subfield></datafield><datafield ind1=" " ind2=" " tag="042"><subfield code="a">msc</subfield></datafield><datafield ind1=" " ind2=" " tag="043"><subfield code="a">n-us-pa</subfield></datafield><datafield ind1="0" ind2="4" tag="245"><subfield code="a">The Bethania palladium.</subfield></datafield><datafield ind1="1" ind2="3" tag="246"><subfield code="a">Palladium</subfield></datafield><datafield ind1=" " ind2=" " tag="260"><subfield code="a">Bethania, Pa. :</subfield><subfield code="b">Reuben Chambers,</subfield><subfield code="c">1832-</subfield></datafield><datafield ind1=" " ind2=" " tag="300"><subfield code="a">v. ;</subfield><subfield code="c">43 cm.</subfield></datafield><datafield ind1=" " ind2=" " tag="310"><subfield code="a">Weekly</subfield></datafield><datafield ind1="0" ind2=" " tag="362"><subfield code="a">Vol. 1, no. 1 (6th month, 8th, 1832)-</subfield></datafield><datafield ind1=" " ind2=" " tag="500"><subfield code="a">Some supplements available.</subfield></datafield><datafield ind1=" " ind2="0" tag="651"><subfield code="a">Bethania (Pa.)</subfield><subfield code="v">Newspapers.</subfield></datafield><datafield ind1=" " ind2=" " tag="752"><subfield code="a">United States</subfield><subfield code="b">Pennsylvania</subfield><subfield code="c">Lancaster</subfield><subfield code="d">Bethania.</subfield></datafield></record>